<record><leader>00000cas a22000007a 4500</leader><controlfield tag="001">13191117</controlfield><controlfield tag="008">860224c19829999wiuwr ne      0    0eng d</controlfield><datafield ind1=" " ind2=" " tag="010"><subfield code="a">sn 86086332 </subfield></datafield><datafield ind1=" " ind2=" " tag="040"><subfield code="a">NPV</subfield><subfield code="b">eng</subfield><subfield code="c">NPV</subfield><subfield code="d">OCLCQ</subfield></datafield><datafield ind1=" " ind2=" " tag="042"><subfield code="a">msc</subfield></datafield><datafield ind1=" " ind2=" " tag="045"><subfield code="a">x8--</subfield></datafield><datafield ind1=" " ind2=" " tag="052"><subfield code="a">4123</subfield><subfield code="b">M7</subfield></datafield><datafield ind1="0" ind2=" " tag="130"><subfield code="a">Tomah journal (Tomah, Wis. : 1982)</subfield></datafield><datafield ind1="1" ind2="4" tag="245"><subfield code="a">The Tomah journal.</subfield></datafield><datafield ind1="1" ind2="3" tag="246"><subfield code="a">Tomah journal and Tomah monitor-herald</subfield></datafield><datafield ind1=" " ind2=" " tag="260"><subfield code="a">Tomah, Wis. :</subfield><subfield code="b">J.R. Kenney,</subfield><subfield code="c">1982-</subfield></datafield><datafield ind1=" " ind2=" " tag="300"><subfield code="a">v. :</subfield><subfield code="b">ill.</subfield></datafield><datafield ind1=" " ind2=" " tag="310"><subfield code="a">Weekly</subfield></datafield><datafield ind1="0" ind2=" " tag="362"><subfield code="a">115th year, no. 26 (Mar. 4, 1982)-</subfield></datafield><datafield ind1=" " ind2=" " tag="500"><subfield code="a">Editor: J.R. Kenney.</subfield></datafield><datafield ind1=" " ind2=" " tag="530"><subfield code="a">Available on microfilm from The State Historical Society of Wisconsin.</subfield></datafield><datafield ind1=" " ind2=" " tag="752"><subfield code="a">United States</subfield><subfield code="b">Wisconsin</subfield><subfield code="c">Monroe</subfield><subfield code="d">Tomah.</subfield></datafield><datafield ind1="0" ind2="1" tag="780"><subfield code="t">Tomah journal (Tomah, Wis. : 1976)</subfield><subfield code="w">(DLC)sn 86086331</subfield></datafield><datafield ind1="1" ind2=" " tag="029"><subfield code="a">AU@</subfield><subfield code="b">000025827030</subfield></datafield></record>